@article{chakrabarti2019spontaneous,
  title={Spontaneous oscillations, beating patterns, and hydrodynamics of active microfilaments},
  author={Chakrabarti, Brato and Saintillan, David},
  journal={Physical Review Fluids},
  volume={4},
  number={4},
  pages={043102},
  year={2019},
  publisher={APS}
}
